%% This BibTeX bibliography file was created using BibDesk.
%% http://bibdesk.sourceforge.net/


%% Created for Wenqiang Feng at 2015-01-31 11:39:48 -0500 


%% Saved with string encoding Unicode (UTF-8) 



@article{allen1979microscopic,
	Author = {Allen, Samuel M and Cahn, John W},
	Date-Added = {2015-01-31 16:39:40 +0000},
	Date-Modified = {2015-01-31 16:39:40 +0000},
	Journal = {Acta Metallurgica},
	Number = {6},
	Pages = {1085--1095},
	Publisher = {Elsevier},
	Title = {A microscopic theory for antiphase boundary motion and its application to antiphase domain coarsening},
	Volume = {27},
	Year = {1979}}

@article{shen2010numerical,
	Author = {Shen, Jie and Yang, Xiaofeng},
	Date-Added = {2015-01-31 16:19:13 +0000},
	Date-Modified = {2015-01-31 16:19:13 +0000},
	Journal = {Discrete Continuous Dynamical. Syst. A},
	Pages = {1669--1691},
	Title = {Numerical approximations of allen-cahn and cahn-hilliard equations},
	Volume = {28},
	Year = {2010}}

@article{feng2007analysis,
	Author = {Feng, Xiaobing and He, Yinnian and Liu, Chun},
	Date-Added = {2015-01-31 05:05:22 +0000},
	Date-Modified = {2015-01-31 05:05:22 +0000},
	Journal = {Mathematics of Computation},
	Number = {258},
	Pages = {539--571},
	Title = {Analysis of finite element approximations of a phase field model for two-phase fluids},
	Volume = {76},
	Year = {2007}}

@article{feng2003numerical,
	Author = {Feng, Xiaobing and Prohl, Andreas},
	Date-Added = {2015-01-30 23:36:09 +0000},
	Date-Modified = {2015-01-30 23:36:09 +0000},
	Journal = {Numerische Mathematik},
	Number = {1},
	Pages = {33--65},
	Publisher = {Springer},
	Title = {Numerical analysis of the Allen-Cahn equation and approximation for mean curvature flows},
	Volume = {94},
	Year = {2003}}

@article{kessler2004posteriori,
	Author = {Kessler, Daniel and Nochetto, Ricardo H and Schmidt, Alfred},
	Date-Added = {2015-01-30 23:35:40 +0000},
	Date-Modified = {2015-01-30 23:35:40 +0000},
	Journal = {ESAIM: Mathematical Modelling and Numerical Analysis},
	Number = {01},
	Pages = {129--142},
	Publisher = {Cambridge Univ Press},
	Title = {A posteriori error control for the Allen--Cahn problem: circumventing Gronwall's inequality},
	Volume = {38},
	Year = {2004}}

@misc{freefem++,
	Author = {Hecht, Fr{\'e}d{\'e}ric and Pironneau, Olivier and Le Hyaric, A and Ohtsuka, K},
	Date-Added = {2015-01-12 17:06:13 +0000},
	Date-Modified = {2015-01-12 17:06:31 +0000},
	Title = {FreeFem++ manual},
	Year = {2005}}

@article{freefem,
	Author = {Pironneau, O and Hecht, F and Hyaric, AL and Ohtsuka, K},
	Date-Added = {2015-01-12 16:26:00 +0000},
	Date-Modified = {2015-01-12 16:26:16 +0000},
	Journal = {URL: http://www. freefem. org},
	Title = {FreeFEM},
	Year = {2006}}

@article{guolocal,
	Author = {Guo, Ruihan and Xu, Yan and Xu, Zhengfu},
	Date-Added = {2015-01-10 20:25:59 +0000},
	Date-Modified = {2015-01-10 20:25:59 +0000},
	Title = {Local discontinuous Galerkin methods for the functionalized Cahn-Hilliard equation}}

@phdthesis{jones2013development,
	Author = {Jones, Jaylan Stuart},
	Date-Added = {2015-01-10 20:24:57 +0000},
	Date-Modified = {2015-01-10 20:24:57 +0000},
	School = {MICHIGAN STATE UNIVERSITY},
	Title = {Development of a fast and accurate time stepping scheme for the functionalized Cahn-Hilliard equation and application to a graphics processing unit},
	Year = {2013}}
