%% This BibTeX bibliography file was created using BibDesk.
%% http://bibdesk.sourceforge.net/


%% Created for Wenqiang Feng at 2016-03-04 14:55:08 -0500 


%% Saved with string encoding Unicode (UTF-8) 



@book{abner_notes,
	Author = {Abner J. Salgado},
	Howpublished = {UTK},
	Institution = {University of Tennessee at Knoxville},
	Title = {Numerical math lecture notes: 571-572},
	Year = {2013-2014}}

@book{braess2007finite,
	Author = {Braess, Dietrich},
	Date-Added = {2015-11-17 19:26:10 +0000},
	Date-Modified = {2015-11-17 19:26:10 +0000},
	Publisher = {Cambridge University Press},
	Title = {Finite elements: Theory, fast solvers, and applications in solid mechanics},
	Year = {2007}}

@article{huang2007preconditioned,
	Author = {Huang, YQ and Li, Ruo and Liu, Wenbin},
	Date-Added = {2015-09-03 20:08:48 +0000},
	Date-Modified = {2015-09-03 20:08:48 +0000},
	Journal = {Journal of Scientific Computing},
	Number = {2},
	Pages = {343--371},
	Publisher = {Springer},
	Title = {Preconditioned descent algorithms for p-Laplacian},
	Volume = {32},
	Year = {2007}}

@article{feng2015multigrid,
	Author = {F. and Salgado, A and Wise, S and Wang, C},
	Date-Added = {2015-11-13 02:07:50 +0000},
	Date-Modified = {2016-03-04 19:55:07 +0000},
	Journal = {preparing},
	Title = {Multigrid Preconditioned Steepest Descent Solvers for Aviles-Giga type Energy: Application to Thin Film Epitaxy},
	Year = {2016}}

@article{feng2015fast,
	Author = {F. and Salgado, A and Wise, S and Wang, C},
	Date-Added = {2015-11-13 02:07:50 +0000},
	Date-Modified = {2015-11-17 18:26:44 +0000},
	Journal = {prepared},
	Title = {Fast Solvers for Convex Splitting scheme of {$L^2$} epitaxial thin film growth model},
	Year = {2015}}

@article{guo2014h2,
	Author = {Guo, J and Wang, C and Wise, S and Yue, X},
	Date-Added = {2015-11-13 02:07:50 +0000},
	Date-Modified = {2015-11-13 02:07:50 +0000},
	Journal = {Commun Math Sci},
	Title = {An h2 convergence of a second-order convex-splitting, finite difference scheme for the three-dimensional Cahn-Hilliard equation},
	Year = {2014}}

@book{boyd2004convex,
	Author = {Boyd, Stephen and Vandenberghe, Lieven},
	Date-Added = {2015-11-12 14:39:29 +0000},
	Date-Modified = {2015-11-12 14:39:29 +0000},
	Publisher = {Cambridge university press},
	Title = {Convex optimization},
	Year = {2004}}

@article{he2013immersed,
	Author = {He, Xiaoming and Lin, Tao and Lin, Yanping and Zhang, Xu},
	Date-Added = {2015-11-01 22:12:23 +0000},
	Date-Modified = {2015-11-01 22:12:23 +0000},
	Journal = {Numerical Methods for Partial Differential Equations},
	Number = {2},
	Pages = {619--646},
	Publisher = {Wiley Online Library},
	Title = {Immersed finite element methods for parabolic equations with moving interface},
	Volume = {29},
	Year = {2013}}

@article{feng2013immersed,
	Author = {Feng, Wenqiang},
	Date-Added = {2015-11-01 21:54:14 +0000},
	Date-Modified = {2015-11-01 21:54:14 +0000},
	Publisher = {Missouri University of Science and Technology},
	Title = {Immersed finite element method for interface problems with algebraic multigrid solver},
	Year = {2013}}

@article{feng2014immersed,
	Author = {Feng, Wenqiang and He, Xiaoming and Lin, Yanping and Zhang, Xu},
	Date-Modified = {2014-08-05 03:59:25 +0000},
	Journal = {Communications in Computational Physics},
	Pages = {1045-1067},
	Publisher = {Elsevier},
	Title = {Immersed Finite Element Method for Interface Problems with Algebraic Multigrid Solver},
	Volume = {15},
	Year = {2014}}

@article{he2012convergence,
	Author = {He, Xiaoming and Lin, Tao and Lin, Yanping},
	Date-Added = {2015-11-01 21:53:06 +0000},
	Date-Modified = {2015-11-01 21:53:06 +0000},
	Journal = {Numerical Methods for Partial Differential Equations},
	Number = {1},
	Pages = {312--330},
	Publisher = {Wiley Online Library},
	Title = {The convergence of the bilinear and linear immersed finite element solutions to interface problems},
	Volume = {28},
	Year = {2012}}

@article{lin2001rectangular,
	Author = {Lin, Tao and Lin, Yanping and Rogers, Robert and Ryan, M Lynne},
	Date-Added = {2015-11-01 21:48:14 +0000},
	Date-Modified = {2015-11-01 21:48:14 +0000},
	Journal = {Adv. Comput. Theory Pract},
	Pages = {107--114},
	Title = {A rectangular immersed finite element space for interface problems},
	Volume = {7},
	Year = {2001}}

@article{chen2014linear,
	Author = {Chen, Wenbin and Wang, Cheng and Wang, Xiaoming and Wise, Steven M},
	Date-Added = {2015-02-08 02:10:48 +0000},
	Date-Modified = {2015-02-08 02:10:48 +0000},
	Journal = {Journal of Scientific Computing},
	Number = {3},
	Pages = {574--601},
	Publisher = {Springer},
	Title = {A linear iteration algorithm for a second-order energy stable scheme for a thin film model without slope selection},
	Volume = {59},
	Year = {2014}}

@article{chen2012linear,
	Author = {Chen, Wenbin and Conde, Sidafa and Wang, Cheng and Wang, Xiaoming and Wise, Steven M},
	Date-Added = {2015-02-08 02:09:34 +0000},
	Date-Modified = {2015-02-08 02:09:34 +0000},
	Journal = {Journal of Scientific Computing},
	Number = {3},
	Pages = {546--562},
	Publisher = {Springer},
	Title = {A linear energy stable scheme for a thin film model without slope selection},
	Volume = {52},
	Year = {2012}}

@article{shen2012second,
	Author = {Shen, Jie and Wang, Cheng and Wang, Xiaoming and Wise, Steven M},
	Date-Added = {2015-02-08 02:08:51 +0000},
	Date-Modified = {2015-02-08 02:08:51 +0000},
	Journal = {SIAM Journal on Numerical Analysis},
	Number = {1},
	Pages = {105--125},
	Publisher = {SIAM},
	Title = {Second-order convex splitting schemes for gradient flows with Ehrlich-Schwoebel type energy: application to thin film epitaxy},
	Volume = {50},
	Year = {2012}}

@article{wang2010unconditionally,
	Author = {Wang, Cheng and Wang, Xiaoming and Wise, Steven M},
	Date-Added = {2015-02-08 02:08:05 +0000},
	Date-Modified = {2015-02-08 02:08:05 +0000},
	Journal = {Discrete Contin. Dyn. Syst},
	Number = {1},
	Pages = {405--423},
	Title = {Unconditionally stable schemes for equations of thin film epitaxy},
	Volume = {28},
	Year = {2010}}

@article{wise2005quantum,
	Author = {Wise, SM and Lowengrub, JS and Kim, JS and Thornton, K and Voorhees, PW and Johnson, WC},
	Date-Added = {2015-02-08 02:06:59 +0000},
	Date-Modified = {2015-02-08 02:06:59 +0000},
	Journal = {Applied Physics Letters},
	Number = {13},
	Pages = {133102},
	Publisher = {AIP Publishing},
	Title = {Quantum dot formation on a strain-patterned epitaxial thin film},
	Volume = {87},
	Year = {2005}}

@article{allen1979microscopic,
	Author = {Allen, Samuel M and Cahn, John W},
	Date-Added = {2015-01-31 16:39:40 +0000},
	Date-Modified = {2015-01-31 16:39:40 +0000},
	Journal = {Acta Metallurgica},
	Number = {6},
	Pages = {1085--1095},
	Publisher = {Elsevier},
	Title = {A microscopic theory for antiphase boundary motion and its application to antiphase domain coarsening},
	Volume = {27},
	Year = {1979}}

@article{shen2010numerical,
	Author = {Shen, Jie and Yang, Xiaofeng},
	Date-Added = {2015-01-31 16:19:13 +0000},
	Date-Modified = {2015-01-31 16:19:13 +0000},
	Journal = {Discrete Continuous Dynamical. Syst. A},
	Pages = {1669--1691},
	Title = {Numerical approximations of allen-cahn and cahn-hilliard equations},
	Volume = {28},
	Year = {2010}}

@article{feng2007analysis,
	Author = {Feng, Xiaobing and He, Yinnian and Liu, Chun},
	Date-Added = {2015-01-31 05:05:22 +0000},
	Date-Modified = {2015-01-31 05:05:22 +0000},
	Journal = {Mathematics of Computation},
	Number = {258},
	Pages = {539--571},
	Title = {Analysis of finite element approximations of a phase field model for two-phase fluids},
	Volume = {76},
	Year = {2007}}

@article{feng2003numerical,
	Author = {Feng, Xiaobing and Prohl, Andreas},
	Date-Added = {2015-01-30 23:36:09 +0000},
	Date-Modified = {2015-01-30 23:36:09 +0000},
	Journal = {Numerische Mathematik},
	Number = {1},
	Pages = {33--65},
	Publisher = {Springer},
	Title = {Numerical analysis of the Allen-Cahn equation and approximation for mean curvature flows},
	Volume = {94},
	Year = {2003}}

@article{kessler2004posteriori,
	Author = {Kessler, Daniel and Nochetto, Ricardo H and Schmidt, Alfred},
	Date-Added = {2015-01-30 23:35:40 +0000},
	Date-Modified = {2015-01-30 23:35:40 +0000},
	Journal = {ESAIM: Mathematical Modelling and Numerical Analysis},
	Number = {01},
	Pages = {129--142},
	Publisher = {Cambridge Univ Press},
	Title = {A posteriori error control for the Allen--Cahn problem: circumventing Gronwall's inequality},
	Volume = {38},
	Year = {2004}}

@misc{freefem++,
	Author = {Hecht, Fr{\'e}d{\'e}ric and Pironneau, Olivier and Le Hyaric, A and Ohtsuka, K},
	Date-Added = {2015-01-12 17:06:13 +0000},
	Date-Modified = {2015-01-12 17:06:31 +0000},
	Title = {FreeFem++ manual},
	Year = {2005}}

@article{freefem,
	Author = {Pironneau, O and Hecht, F and Hyaric, AL and Ohtsuka, K},
	Date-Added = {2015-01-12 16:26:00 +0000},
	Date-Modified = {2015-01-12 16:26:16 +0000},
	Journal = {URL: http://www. freefem. org},
	Title = {FreeFEM},
	Year = {2006}}

@article{guolocal,
	Author = {Guo, Ruihan and Xu, Yan and Xu, Zhengfu},
	Date-Added = {2015-01-10 20:25:59 +0000},
	Date-Modified = {2015-01-10 20:25:59 +0000},
	Title = {Local discontinuous Galerkin methods for the functionalized Cahn-Hilliard equation}}

@phdthesis{jones2013development,
	Author = {Jones, Jaylan Stuart},
	Date-Added = {2015-01-10 20:24:57 +0000},
	Date-Modified = {2015-01-10 20:24:57 +0000},
	School = {MICHIGAN STATE UNIVERSITY},
	Title = {Development of a fast and accurate time stepping scheme for the functionalized Cahn-Hilliard equation and application to a graphics processing unit},
	Year = {2013}}
