%% This BibTeX bibliography file was created using BibDesk.
%% http://bibdesk.sourceforge.net/


%% Created for WENQIANG FENG at 2014-01-21 22:42:24 -0500 


%% Saved with string encoding Unicode (UTF-8) 



@book{textbook2,
	Author = {Iserles, Arieh},
	Date-Added = {2014-01-22 03:42:22 +0000},
	Date-Modified = {2014-01-22 03:42:22 +0000},
	Publisher = {Cambridge University Press},
	Title = {A First Course in the Numerical Analysis of Differential Equations (Cambridge Texts in Applied Mathematics)},
	Year = {2008}}

@book{saad,
	Author = {Saad, Yousef},
	Date-Added = {2014-01-22 03:40:26 +0000},
	Date-Modified = {2014-01-22 03:40:26 +0000},
	Publisher = {Siam},
	Title = {Iterative methods for sparse linear systems},
	Year = {2003}}

@book{textbook1,
	Author = {Trefethen, Lloyd N and Bau III, David},
	Date-Added = {2014-01-22 03:39:06 +0000},
	Date-Modified = {2014-01-22 03:39:06 +0000},
	Number = {50},
	Publisher = {Siam},
	Title = {Numerical linear algebra},
	Year = {1997}}

@book{linear,
	Author = {Poole, David},
	Date-Added = {2014-01-22 03:38:19 +0000},
	Date-Modified = {2014-01-22 03:38:19 +0000},
	Publisher = {CengageBrain. com},
	Title = {Linear algebra: A modern introduction},
	Year = {2010}}

@book{swust,
	Author = {Jinhai Sun},
	Journal = {Chinese Higher Education Press},
	Publisher = {Chinese Higher Education Press \& Springer},
	Title = {Equation of mathematical physics and special fundtion},
	Year = {2001}}

@book{evanspde,
	Author = {Evans, Lawrence C},
	Publisher = {American Mathematical Society},
	Title = {Partial differential equations. Graduate studies in mathematics},
	Volume = {2},
	Year = {1998}}

@misc{verfurth_notes,
	Author = {R. Verf{\"u}rth},
	Howpublished = {University Lecture},
	Institution = {Ruhr-Universit{\"a}t Bochum},
	Title = {Adaptive Finite Element Methods},
	Year = {2013-14}}

@misc{stanford_notes,
	Author = {Julie Levandosky},
	Howpublished = {Stanford University},
	Institution = {Stanford University},
	Title = {Math220a Handout},
	Year = {2013-14}}

@misc{yano_notes,
	Author = {Igor Yanovsky},
	Howpublished = {UCLA Department of Mathematics},
	Institution = {UCLA},
	Title = {Partial Differential Equations: Graduate Level Problems and Solutions},
	Year = {2013-14}}
